%/////////////////////////////////
//////////// ARTICLES ////////////
//////////////////////////////////%
@article{Chen2015,
 author = {Joyce J. Chen},
 journal = {Journal of Human Capital},
 number = {3},
 pages = {298--328},
 publisher = {The University of Chicago Press},
 title = {The Impact of Skill-Based Immigration Restrictions: The Chinese Exclusion Act of 1882},
 urldate = {2023-04-01},
 volume = {9},
 year = {2015}
}

@TechReport{ChenXie2020,
  author={Chen, Shuo and Xie, Bin},
  title={{Institutional Discrimination and Assimilation: Evidence from the Chinese Exclusion Act of 1882}},
  year=2020,
  month=Aug,
  institution={Institute of Labor Economics (IZA)},
  type={IZA Discussion Papers},
  number={13647},
  doi={},
}

@article{Postel2023,
title = {Record linkage for character-based surnames: Evidence from chinese exclusion},
journal = {Explorations in Economic History},
volume = {87},
pages = {101493},
year = {2023},
author = {Hannah M. Postel}
}

@article{Abramitzkyetal2023,
Author = {Abramitzky, Ran and Ager, Philipp and Boustan, Leah and Cohen, Elior and Hansen, Casper W.},
Title = {The Effect of Immigration Restrictions on Local Labor Markets: Lessons from the 1920s Border Closure},
Journal = {American Economic Journal: Applied Economics},
Volume = {15},
Number = {1},
Year = {2023},
Month = {January},
Pages = {164-91}}

@TechReport{GreenGreen2014,
  author={Green, Alan A., Green, David G.},
  title={{Immigration and the Canadian Earnings Distribution in the First Half of the 20th Century}},
  year=2014,
  month=Nov,
  doi={},
}

@TECHREPORT{KerrKerr2011survey,
title = {Economic Impacts of Immigration: A Survey},
author = {Kerr, Sari Pekkala and Kerr, William},
year = {2011},
type = {NBER Working Paper},
number = {16736}
}

@incollection{Borjas1999survey,
title = {Chapter 28 - The Economic Analysis of Immigration},
editor = {Orley C. Ashenfelter and David Card},
series = {Handbook of Labor Economics},
publisher = {Elsevier},
volume = {3},
pages = {1697-1760},
year = {1999},
author = {George J. Borjas}
}

@article{Borjas1994survey,
 author = {George J. Borjas},
 journal = {Journal of Economic Literature},
 number = {4},
 pages = {1667--1717},
 publisher = {American Economic Association},
 title = {The Economics of Immigration},
 volume = {32},
 year = {1994}
}

@article{Chiswick1978,
author = {Barry R. Chiswick},
 journal = {Journal of Political Economy},
 number = {5},
 pages = {897--921},
 publisher = {University of Chicago Press},
 title = {The Effect of Americanization on the Earnings of Foreign-born Men},
 volume = {86},
 year = {1978}
}

@article{Carliner1980,
author = {Carliner, Geoffrey},
title = {Wages, Earnings and Hours of First, Second, and Third Generation American Males},
journal = {Economic Inquiry},
volume = {18},
number = {1},
pages = {87-102},
year = {1980}
}

@article{Borjas1985CohortEffects,
 author = {George J. Borjas},
 journal = {Journal of Labor Economics},
 number = {4},
 pages = {463--489},
 publisher = {[University of Chicago Press, Society of Labor Economists, NORC at the University of Chicago]},
 title = {Assimilation, Changes in Cohort Quality, and the Earnings of Immigrants},
 volume = {3},
 year = {1985}
}

@article{FunkhouserTrejo1995,
author = {Edward Funkhouser and Stephen J. Trejo},
title ={The Labor Market Skills of Recent Male Immigrants: Evidence from the Current Population Survey},
journal = {ILR Review},
volume = {48},
number = {4},
pages = {792-811},
year = {1995}
}

@INCOLLECTION{LaLondeTopel1992,
title = {The Assimilation of Immigrants in the U. S. Labor Market},
author = {LaLonde, Robert and Topel, Robert},
year = {1992},
pages = {67-92},
booktitle = {Immigration and the Work Force: Economic Consequences for the United States and Source Areas},
publisher = {National Bureau of Economic Research, Inc}
}

@ARTICLE{Grenier1984Language,
title = {The Effects of Language Characteristics on the Wages of Hispanic-American Males},
author = {Grenier, Gilles},
year = {1984},
journal = {Journal of Human Resources},
volume = {19},
number = {1},
pages = {35-52}
}

@Article{McManusetal1983Language,
  author={McManus, Walter and Gould, William and Welch, Finis},
  title={{Earnings of Hispanic Men: The Role of English Language Proficiency}},
  journal={Journal of Labor Economics},
  year=1983,
  volume={1},
  number={2},
  pages={101-130},
  month={April}
}

@article{DustmannVanSoest2002Language,
 author = {Christian Dustmann and Arthur Van Soest},
 journal = {Industrial and Labor Relations Review},
 number = {3},
 pages = {473--492},
 publisher = {Sage Publications, Inc.},
 title = {Language and the Earnings of Immigrants},
 volume = {55},
 year = {2002}
}

@incollection{ChiswickMiller2015Language,
title = {Chapter 5 - International Migration and the Economics of Language},
editor = {Barry R. Chiswick and Paul W. Miller},
series = {Handbook of the Economics of International Migration},
publisher = {North-Holland},
volume = {1},
pages = {211-269},
year = {2015},
booktitle = {Handbook of the Economics of International Migration},
author = {Barry R. Chiswick and Paul W. Miller}
}

@article{Clarketal2007,
    author = {Clark, Ximena and Hatton, Timothy J and Williamson, Jeffrey G},
    title = "{Explaining U.S. Immigration, 1971–1998}",
    journal = {The Review of Economics and Statistics},
    volume = {89},
    number = {2},
    pages = {359-373},
    year = {2007},
    month = {05}
}

@ARTICLE{Lubotsky2007Wage,
title = {Chutes or Ladders? A Longitudinal Analysis of Immigrant Earnings},
author = {Lubotsky, Darren},
year = {2007},
journal = {Journal of Political Economy},
volume = {115},
number = {5},
pages = {820-867}
}

@article{JassoRosenzweig1990,
 author = {Guillermina Jasso and Mark R. Rosenzweig},
 journal = {The American Economic Review},
 number = {1},
 pages = {298--304},
 publisher = {American Economic Association},
 title = {Self-Selection and the Earnings of Immigrants: Comment},
 volume = {80},
 year = {1990}
}

@ARTICLE{Cobbclark1993,
title = {Immigrant Selectivity and Wages: The Evidence for Women},
author = {Cobb-Clark, Deborah},
year = {1993},
journal = {American Economic Review},
volume = {83},
number = {4},
pages = {986-93}
}

@article{Card1990,
author = {David Card},
title ={The Impact of the Mariel Boatlift on the Miami Labor Market},
journal = {ILR Review},
volume = {43},
number = {2},
pages = {245-257},
year = {1990}
}


@article{Borjas1995,
Author = {Borjas, George J.},
Title = {The Economic Benefits from Immigration},
Journal = {Journal of Economic Perspectives},
Volume = {9},
Number = {2},
Year = {1995},
Month = {June},
Pages = {3-22}
}

@ARTICLE{Grossman1982,
title = {The Substitutability of Natives and Immigrants in Production},
author = {Grossman, Jean Baldwin},
year = {1982},
journal = {The Review of Economics and Statistics},
volume = {64},
number = {4},
pages = {596-603}
}

@INCOLLECTION{LaLondeTopel1991,
title = {Labor Market Adjustments to Increased Immigration},
author = {LaLonde, Robert and Topel, Robert},
year = {1991},
pages = {167-199},
booktitle = {Immigration, Trade, and the Labor Market},
publisher = {National Bureau of Economic Research, Inc}
}

@article{Lowell2001,
title = {Skilled temporary and permanent immigrants in the United States},
author = {Lowell, B. Lindsay},
year = {2001},
journal = {Population Research and Policy Review},
volume = {20},
pages = {33–58}
}

@techreport{kirkegaard2005,
title = {Outsourcing and Skill Imports: Foreign High-Skilled Workers on H-1b and L-1 Visas in the United States},
author = {Kirkegaard, Jacob F.},
year = {2005},
type = {Institute for International Economics Working Paper},
number = {05-15}
}

@article{miano2005,
  title={The Bottom of the Pay Scale},
  author={Miano, John},
  journal={Backgrounder},
  year={2005}
}

@TECHREPORT{Doranetal2022,
title = {The Effects of High-Skilled Immigration Policy on Firms: Evidence from Visa Lotteries},
author = {Doran, Kirk and Gelber, Alexander and Isen, Adam},
year = {2022},
type = {NBER Working Paper},
number = {20668}
}

@article{BertoliStillman2019,
title = {All that glitters is not gold: Wages and education for US immigrants},
journal = {Labour Economics},
volume = {61},
pages = {101749},
year = {2019}
}

@article{Hoen2020,
title = {Immigration and the Tower of Babel: Using language barriers to identify individual labor market effects of immigration},
journal = {Labour Economics},
volume = {65},
pages = {101834},
year = {2020},
author = {Maria Forthun Hoen}
}

@TECHREPORT{Mattooetal2008,
title = {Brain Waste? Educated Immigrants in the U.S. Labor Market},
author = {Mattoo, Aaditya and Neagu, Ileana Cristina and Ozden, Caglar},
year = {2008},
type = {Policy Research Working Paper},
institution = {World Bank},
number = {3581}
}


@article{BakerBenjamin1994,
author = {Baker, Michael and Benjamin, Dwayne},
title = {The Performance of Immigrants in the Canadian Labor Market},
journal = {Journal of Labor Economics},
volume = {12},
number = {3},
pages = {369-405},
year = {1994}
}

@INCOLLECTION{Borjas1993Canada,
title = {Immigration Policy, National Origin, and Immigrant Skills: A Comparison of Canada and the United States},
author = {Borjas, George},
year = {1993},
pages = {21-44},
booktitle = {Small Differences That Matter: Labor Markets and Income Maintenance in Canada and the United States},
publisher = {National Bureau of Economic Research, Inc}
}

@ARTICLE{AydemirSkuterud2005,
title = {Explaining the deteriorating entry earnings of Canada's immigrant cohorts, 1966 - 2000},
author = {Aydemir, Abdurrahman and Skuterud, Mikal},
year = {2005},
journal = {Canadian Journal of Economics},
volume = {38},
number = {2},
pages = {641-672}
}


@article{Banerjeeetal2021,
author = {Banerjee, Rupa and Hou, Feng and Reitz, Jeffrey G. and Zhang, Tingting},
title = {Evaluating Foreign Skills: Effects of Credential Assessment on Skilled Immigrants’ Labour Market Performance in Canada},
journal = {Canadian Public Policy},
volume = {47},
number = {3},
pages = {358-372},
year = {2021}
}

@ARTICLE{MukhopadhyayOxborrow2012,
title = {The Value of an Employment-Based Green Card},
author = {Mukhopadhyay, Sankar and Oxborrow, David},
year = {2012},
journal = {Demography},
volume = {49},
number = {1},
pages = {219-237}
}

@article{LowellAvato2014,
author = {Lindsay Lowell, B. and Avato, Johanna},
title = {The Wages of Skilled Temporary Migrants: Effects of Visa Pathways and Job Portability},
journal = {International Migration},
volume = {52},
number = {3},
pages = {85-98},
year = {2014}
}


@article{Wang2021,
author = {Wang, Xuening},
title = {US Permanent Residency, Job Mobility, and Earnings},
journal = {Journal of Labor Economics},
volume = {39},
number = {3},
pages = {639-671},
year = {2021}
}

@article{Cietal2018,
author = {Ci, Wen and Hou, Feng and Morissette, Rene},
title = {Acquisition of permanent residence by temporary foreign workers in Canada: a panel study of labour market outcomes before and after the status transition},
journal = {IZA J Develop Migration},
volume = {8},
number = {2},
year = {2018},
}

@article{SweetmanWarman2014,
author = {Sweetman, Arthur and Warman, Casey},
title = {Former Temporary Foreign Workers and International Students as Sources of Permanent Immigration},
journal = {Canadian Public Policy},
volume = {40},
number = {4},
pages = {392-407},
year = {2014},
}




%/////////////////////////////////
////// WEBSITES/GOVT REPORTS /////
//////////////////////////////////%
@techreport{ircc2020,
  author      = {{Immigration, Refugees and Citizenship Canada}},
  institution = {},
  title       = {Evaluation of Express Entry: Early Impacts on Economic Outcomes and System Management},
  year        = {2020}
}

 @misc{chan2016, 
 title={Chinese head tax in Canada}, 
 url={https://www.thecanadianencyclopedia.ca/en/article/chinese-head-tax-in-canada}, 
 journal={The Canadian Encyclopedia}, 
 author={Chan, Arlene}, 
 year={2016}, 
 month={Sep}} 

 @misc{chan2019, 
 title={Chinese Canadians}, 
 url={https://www.thecanadianencyclopedia.ca/en/article/chinese-canadians}, 
 journal={The Canadian Encyclopedia}, 
 author={Chan, Anthony B.}, 
 year={2019}, 
 month={May}} 

 @techreport{chineseregister,
author = {Ward, Peter W. and Yu, Henry},
year = 2008 ,
title = {{Register of Chinese Immigrants to Canada, 1886-1949}}, 
institution = {Vancouver: University of British Columbia Library},
type = {Dataset},
note = {\url{https://open.library.ubc.ca/cIRcle/collections/facultyresearchandpublications/52383/items/1.0075988}}
}


 @techreport{hkharbourmaster,
title = {{Hong Kong Government Reports Online (1842-1941)}}, 
author = {{The University of Hong Kong Libraries}},
institution = {The University of Hong Kong Libraries},
type = {Dataset},
note = {\url{https://sunzi.lib.hku.hk/hkgro/browse.jsp}}
}

 @techreport{maddison2010,
author = {Maddison, Angus},
year = 2010 ,
title = {{Statistics on World Population, GDP and Per Capita GDP, 1-2008 AD}}, 
institution = {University of Groningen},
type = {Dataset},
note = {\url{https://www.rug.nl/ggdc/historicaldevelopment/maddison/releases/maddison-database-2010?lang=en}}
}

@techreport{census1881,
author = {{Programme de Recherche en Démographie Historique}},
year = 2021 ,
title = {{100\% public-use microdata file of the 1881 Census of Canada}}, 
institution = {{Université de Montreal}},
type = {Dataset},
note = {Data retrieved from PRDH, \url{https://www.prdh.umontreal.ca/census/en/member/download.aspx}}
}

@techreport{census1891,
author = {Inwood, Kris},
year = 2009,
title = {{Census of Population, 1891}}, 
institution = {University of Guelph Data Resource Center},
type = {Dataset},
note = {Data retrieved from odesi, \url{https://odesi.ca/#/details?uri=/odesi/census-E-1891.xml}}
}

@techreport{census1901,
author = {{Canadian Families Project, University of Victoria}},
year = 2012,
title = {{National Sample of the 1901 Census [Canada]}}, 
institution = {Carleton University Data Resource Center},
type = {Dataset},
note = {Data retrieved from odesi, \url{https://odesi.ca/#/details?uri=/odesi/cen-E-1901.xml}}
}

@techreport{census1911,
author = {{Canadian Century Research Infrastructure}},
title = {{Canadian Census of Population Microdata, 1911 [Canada]}}, 
type = {Dataset},
year = 2011,
note = {Data retrieved from odesi, \url{https://odesi.ca/#/details?uri=/odesi/ccri-census-G-E-1911.xml}}
}

@techreport{census1921,
author = {{Canadian Century Research Infrastructure}},
title = {{1921 Census Database}}, 
type = {Dataset},
year = 2015,
note = {Data retrieved from CCRI, \url{https://ccri.library.ualberta.ca/en1921census/database/index.html}}
}

@techreport{ipums,
  author      = {Steven Ruggles and Catherine A. Fitch and Ronald Goeken and J. David Hacker and Matt A. Nelson and Evan Roberts and Megan Schouweiler and Matthew Sobek},
  institution = {{Minneapolis, MN: IPUMS}},
  title       = {{IPUMS Ancestry Full Count Data: Version 3.0}},
  type = {Dataset},
  year        = {2021}
}

@article{EscamillaGuerreroLopezAlonso2023, 
title={Migrant Self-Selection and Random Shocks: Evidence from the Panic of 1907}, 
volume={83}, 
DOI={10.1017/S0022050722000535}, 
number={1}, 
journal={The Journal of Economic History}, 
publisher={Cambridge University Press}, 
author={Escamilla-Guerrero, David and López-Alonso, Moramay}, 
year={2023}, 
pages={45–85}
}

@article{connor2019, 
title={The Cream of the Crop? Geography, Networks, and Irish Migrant Selection in the Age of Mass Migration}, 
volume={79}, 
number={1}, 
journal={The Journal of Economic History}, 
publisher={Cambridge University Press}, 
author={Connor, Dylan Shane}, 
year={2019}, 
pages={139–175}
}

@article{Abramitzkyetal2013,
title = {Have the poor always been less likely to migrate? Evidence from inheritance practices during the age of mass migration},
journal = {Journal of Development Economics},
volume = {102},
pages = {2-14},
year = {2013},
author = {Ran Abramitzky and Leah Platt Boustan and Katherine Eriksson}
}

@article{roy1951,
    author = {Roy, A. D.},
    title = "{Some Thoughts on the Distribution of Earnings}",
    journal = {Oxford Economic Papers},
    volume = {3},
    number = {2},
    pages = {135-146},
    year = {1951},
    month = {06}
}

@article{borjas1987,
 author = {George J. Borjas},
 journal = {The American Economic Review},
 number = {4},
 pages = {531--553},
 publisher = {American Economic Association},
 title = {Self-Selection and the Earnings of Immigrants},
 urldate = {2023-06-06},
 volume = {77},
 year = {1987}
}


@article{chiquiarhanson2005,
 author = {Daniel Chiquiar and Gordon H. Hanson},
 journal = {Journal of Political Economy},
 number = {2},
 pages = {239--281},
 publisher = {The University of Chicago Press},
 title = {International Migration, Self‐Selection, and the Distribution of Wages: Evidence from Mexico and the United States},
 urldate = {2023-06-06},
 volume = {113},
 year = {2005}
}

@article{bianchi2013,
 author = {Milo Bianchi},
 journal = {Journal of Public Economic Theory},
 number = {1},
 pages = {1--23},
 publisher = {Wiley Periodicals Inc.},
 title = {Immigration Policy and Self-Selecting Migrants},
 volume = {15},
 year = {2013}
}


@article{mariamayda2010,
 author = {Anna Maria Mayda},
 journal = {Journal of Population Economics},
 number = {4},
 pages = {1249--1274},
 publisher = {Springer},
 title = {International migration: a panel data analysis of the determinants of bilateral flows},
 volume = {23},
 year = {2010}
}


@article{hattonwilliamson1994,
 author = {Timothy J. Hatton and Jeffrey G. Williamson},
 journal = {Population and Development Review},
 number = {3},
 pages = {533--559},
 publisher = {[Population Council, Wiley]},
 title = {What Drove the Mass Migrations from Europe in the Late Nineteenth Century?},
 volume = {20},
 year = {1994}
}

@article{mckenzierapoport2010,
 author = {David McKenzie and Hillel Rapoport},
 journal = {The Review of Economics and Statistics},
 number = {4},
 pages = {811--821},
 publisher = {The MIT Press},
 title = {SELF-SELECTION PATTERNS IN MEXICO-U.S. MIGRATION: THE ROLE OF MIGRATION NETWORKS},
 volume = {92},
 year = {2010}
}


@data{canhistmacro,
author = {Marvin McInnis},
publisher = {Borealis},
title = {{Historical Canadian Macroeconomic Dataset 1871-1994}},
year = {2013},
version = {V3},
doi = {10864/10342},
url = {https://hdl.handle.net/10864/10342}
}

@article{cai2020,
title = {Migration under liquidity constraints: Evidence from randomized credit access in China},
journal = {Journal of Development Economics},
volume = {142},
pages = {102247},
year = {2020},
author = {Shu Cai}
}

@article{Angelucci2015,
  author={Manuela Angelucci},
  title={{Migration and Financial Constraints: Evidence from Mexico}},
  journal={The Review of Economics and Statistics},
  year=2015,
  volume={97},
  number={1},
  pages={224-228},
  month={March}
}

@article{abramitzkyboustan2017,
 author = {Ran Abramitzky and Leah Boustan},
 journal = {Journal of Economic Literature},
 number = {4},
 pages = {1311--1345},
 publisher = {American Economic Association},
 title = {Immigration in American Economic History},
 volume = {55},
 year = {2017}
}

@article{kanazawa2005,
 author = {Mark Kanazawa},
 journal = {The Journal of Economic History},
 number = {3},
 pages = {779--805},
 publisher = {Cambridge University Press},
 title = {Immigration, Exclusion, and Taxation: Anti-Chinese Legislation in Gold Rush California},
 volume = {65},
 year = {2005}
}

@article{feigenberg2020,
Author = {Feigenberg, Benjamin},
Title = {Fenced Out: The Impact of Border Construction on US-Mexico Migration},
Journal = {American Economic Journal: Applied Economics},
Volume = {12},
Number = {3},
Year = {2020},
Month = {July},
Pages = {106-39}}

@article{clemensetal2018,
Author = {Clemens, Michael A. and Lewis, Ethan G. and Postel, Hannah M.},
Title = {Immigration Restrictions as Active Labor Market Policy: Evidence from the Mexican Bracero Exclusion},
Journal = {American Economic Review},
Volume = {108},
Number = {6},
Year = {2018},
Month = {June},
Pages = {1468-87}}

@TechReport{canimm,
  author={{Employment and Immigration Canada}},
  title={{Immigration Statistics}},
  year=1982,
  institution={{Employment and Immigration Canada}}
}

@TechReport{chancelpiketty2021,
  author={Chancel, Lucas and Piketty, Thomas},
  title={{Global Income Inequality, 1820-2020: The Persistence and Mutation of Extreme Inequality}},
  year=2021,
  month=July,
  institution={World Inequality Lab},
  type={Working Paper},
  number={2021/19},
  doi={},
}


@article{batenetal2010,
title = {Evolution of living standards and human capital in China in the 18–20th centuries: Evidences from real wages, age-heaping, and anthropometrics},
journal = {Explorations in Economic History},
volume = {47},
number = {3},
pages = {347-359},
year = {2010},
note = {Asian Economic Growth and Development},
author = {Joerg Baten and Debin Ma and Stephen Morgan and Qing Wang}
}

@article{hersch2008,
author = {Hersch, Joni},
title = {Profiling the New Immigrant Worker: The Effects of Skin Color and Height},
journal = {Journal of Labor Economics},
volume = {26},
number = {2},
pages = {345-386},
year = {2008}
}


@article{bodenhorn1999, title={A Troublesome Caste: Height and Nutrition of Antebellum Virginia's Rural Free Blacks}, volume={59}, DOI={10.1017/S0022050700024104}, number={4}, journal={The Journal of Economic History}, publisher={Cambridge University Press}, author={Bodenhorn, Howard}, year={1999}, pages={972–996}}

@article{baten2000,
title = {Heights and Real Wages in the 18th and 19th Centuries: An International Overview},
title = {},
author = {Jörg Baten},
pages = {61--76},
volume = {41},
number = {1},
journal = {Jahrbuch für Wirtschaftsgeschichte Economic History Yearbook},
year = {2000}
}

@article{BatenKomlos1998, title={Height and the Standard of Living}, volume={58}, DOI={10.1017/S0022050700021239}, number={3}, journal={The Journal of Economic History}, publisher={Cambridge University Press}, author={Baten, Jörg and Komlos, John}, year={1998}, pages={866–870}}

@article{steckel2009,
title = {Heights and human welfare: Recent developments and new directions},
journal = {Explorations in Economic History},
volume = {46},
number = {1},
pages = {1-23},
year = {2009},
note = {Special Issue on Heights and Human Welfare},
author = {Richard H. Steckel}
}

@article{akachicanning2015,
title = {Inferring the economic standard of living and health from cohort height: Evidence from modern populations in developing countries},
journal = {Economics & Human Biology},
volume = {19},
pages = {114-128},
year = {2015},
author = {Yoko Akachi and David Canning}
}

@article{schultz2002,
Author = {Schultz, T. Paul},
Title = {Wage Gains Associated with Height as a Form of Health Human Capital },
Journal = {American Economic Review},
Volume = {92},
Number = {2},
Year = {2002},
Month = {May},
Pages = {349-353}}

@article{stolzbaten2012,
title = {Brain drain in the age of mass migration: Does relative inequality explain migrant selectivity?},
journal = {Explorations in Economic History},
volume = {49},
number = {2},
pages = {205-220},
year = {2012},
author = {Yvonne Stolz and Joerg Baten}
}

@article{humphriesleunig2009,
title = {Was Dick Whittington taller than those he left behind? Anthropometric measures, migration and the quality of life in early nineteenth century London?},
journal = {Explorations in Economic History},
volume = {46},
number = {1},
pages = {120-131},
year = {2009},
note = {Special Issue on Heights and Human Welfare},
issn = {0014-4983},
author = {Jane Humphries and Timothy Leunig}
}

@article{morgan2009,
title = {Stature and economic development in South China, 1810–1880},
journal = {Explorations in Economic History},
volume = {46},
number = {1},
pages = {53-69},
year = {2009},
note = {Special Issue on Heights and Human Welfare},
author = {Stephen L. Morgan}
}

@article{carson2006,
 author = {Scott Alan Carson},
 journal = {The Journal of Interdisciplinary History},
 number = {2},
 pages = {201--217},
 publisher = {The MIT Press},
 title = {The Biological Living Conditions of Nineteenth-Century Chinese Males in America},
 urldate = {2023-10-11},
 volume = {37},
 year = {2006}
}

@article{morgan2004,
title = {Economic growth and the biological standard of living in China, 1880–1930},
journal = {Economics \& Human Biology},
volume = {2},
number = {2},
pages = {197-218},
year = {2004},
author = {Stephen L Morgan}
}

@article{batenhira2008,
  author          = {Baten, Joerg and Hira, Sandew},
  journal         = {Australian Economic History Review},
  number          = {3},
  title           = {Anthropometric Trends in Southern China, 1830-1864},
  volume          = {48},
  year            = {2008}
}

@article{Olds2003,
title = {The biological standard of living in Taiwan under Japanese occupation},
journal = {Economics and Human Biology},
volume = {1},
number = {2},
pages = {187-206},
year = {2003},
issn = {1570-677X},
author = {Kelly B. Olds}
}

@article{mokyrgrada1982,
title = {Emigration and poverty in prefamine Ireland},
journal = {Explorations in Economic History},
volume = {19},
number = {4},
pages = {360-384},
year = {1982},
issn = {0014-4983},
doi = {https://doi.org/10.1016/0014-4983(82)90008-0},
url = {https://www.sciencedirect.com/science/article/pii/0014498382900080},
author = {Joel Mokyr and Cormac Ó Gráda}
}

@article{abramitzkyetal2021,
Author = {Abramitzky, Ran and Boustan, Leah and Jacome, Elisa and Perez, Santiago},
Title = {Intergenerational Mobility of Immigrants in the United States over Two Centuries},
Journal = {American Economic Review},
Volume = {111},
Number = {2},
Year = {2021},
Month = {February},
Pages = {580-608},
DOI = {10.1257/aer.20191586}}

@article{gouldmoav2016,
 author = {Eric D. Gould and Omer Moav},
 journal = {The Economic Journal},
 number = {593},
 pages = {1055--1091},
 publisher = {[Royal Economic Society, Wiley]},
 title = {DOES HIGH INEQUALITY ATTRACT HIGH SKILLED IMMIGRANTS?},
 urldate = {2023-10-16},
 volume = {126},
 year = {2016}
}

@article{mckeown2010, title={Chinese emigration in global context, 1850–1940}, volume={5},  number={1}, journal={Journal of Global History}, publisher={Cambridge University Press}, author={McKeown, Adam}, year={2010}, pages={95–124}}


@ARTICLE{angelucci2012,
title = {US Border Enforcement and the Net Flow of Mexican Illegal Migration},
author = {Angelucci, Manuela},
year = {2012},
journal = {Economic Development and Cultural Change},
volume = {60},
number = {2},
pages = {311 - 357}
}

@article{hansonspilimbergo1999,
Author = {Hanson, Gordon H. and Spilimbergo, Antonio},
Title = {Illegal Immigration, Border Enforcement, and Relative Wages: Evidence from Apprehensions at the U.S.-Mexico Border},
Journal = {American Economic Review},
Volume = {89},
Number = {5},
Year = {1999},
Month = {December},
Pages = {1337-1357}}

@article{ortegaperi2013,
    author = {Ortega, Francesc and Peri, Giovanni},
    title = "{The effect of income and immigration policies on international migration}",
    journal = {Migration Studies},
    volume = {1},
    number = {1},
    pages = {47-74},
    year = {2013},
    month = {01}
}

@incollection{boustan2007,
  author      = {Boustan, Leah},
  title       = "{Were Jews Political Refugees or Economic Migrants? Assessing the Persecution Theory of Jewish Emigration, 1881-1914}",
  editor      = {Timothy J. Hatton and Kevin H. O'Rourke and Alan M. Taylor},
  booktitle   = "{The New Comparative Economic History: Essays in Honour of Jeffrey G. Williamson}",
  publisher   = "MIT Press",
  year        = 2007,
  pages       = "267-290",
  chapter     = 11
}

@article{boatcost,
    author = {Chew, Lee},
    title = "{Life of a Chinese Immigrant}",
    journal = {The Independent},
    pages = {417-423},
    volume = {54},
    number = {2818},
    year = {1903},
    month = {02}
}


@misc{pier21context,
author = {Steven Schwinghamer},
title = {Before and After 1923: Chinese Exclusion in Context}, 
howpublished = {Available at \url{https://pier21.ca/before-and-after-1923-chinese-exclusion-context}} }

@misc{pier21canimm,
author = {Lindsay Van Dyk},
title = {Canadian Immigration Acts and Legislation}, 
howpublished = {Available at \url{https://pier21.ca/research/immigration-history/canadian-immigration-acts-and-legislation}} }

@article{kosackward2014, title={Who Crossed the Border? Self-Selection of Mexican Migrants in the Early Twentieth Century}, volume={74}, DOI={10.1017/S0022050714000849}, number={4}, journal={The Journal of Economic History}, publisher={Cambridge University Press}, author={Kosack, Edward and Ward, Zachary}, year={2014}, pages={1015–1044}}